@book{anton-bivens-davis,
  title={Calculus: Early Transcendentals},
  author={Anton, H. and Bivens, I. and Davis, S.},
  isbn={9780470647691},
  lccn={2012360620},
  year={2011},
  publisher={Wiley}
}